@article{Adadietal2012,
	author = {Adadi, R. and Volkmer, B. and Milo, R. and Heinemann, M. and Shlomi, T.},
	title = {Prediction of microbial growth rate versus biomass yield by a metabolic network with kinetic parameters},
	journal = {PLoS Comput Biol},
	year = 2012,
	volume = 8,
	pages = {e1002575}
}

@article{SnitkinSegre2008,
	author = {E. S. Snitkin and D. Segr\`e},
	title = {Optimality criteria for the prediction of metabolic fluxes in yeast mutants},
	journal = {Genome Informatics},
	year = 2008,
	volume = 20,
	pages = {123--134}
}

@article{HaverkornvanRijsewijketal2011,
	author = {{Haverkorn van Rijsewijk}, B. R. and Nanchen, A. and Nallet, S. and Kleijn, R. J. and Sauer, U.},
	title = {Large-scale {13C-flux} analysis reveals distinct transcriptional control of respiratory and fermentative metabolism in \emph{Escherichia coli}},
	journal = {Mol Syst Biol},
	year = 2011,
	volume = 7,
	pages = 477
}

@article{FischerSauer2003,
	author = {E. Fischer and U. Sauer},
	title = {Metabolic flux profiling of \emph{Escherichia coli} mutants in central carbon metabolism using {GC-MS}},
	journal = {Eur J Biochem},
	year = 2003,
	volume = 270,
	pages = {880--891}
}

@article{Boeretal2010,
	author = {Boer, V. M. and Crutchfield, C. A. and Bradley, P. H. and Botstein, D. and Rabinowitz, J. D.},
	title = {Growth-limiting intracellular metabolites in yeast growing under diverse nutrient limitations},
	journal = {Mol Biol Cell},
	year = 2010,
	volume = 21,
	pages = {198--211}
}

@article{Leeetal2009,
	author = {Lee, M. C. and Chou, H. H. and Marx, C. J.},
	title = {Asymmetric, bimodal trade-offs during adaptation of Methylobacterium to distinct growth substrates},
	journal = {Evolution},
	year = 2009,
	volume = 63,
	pages = {2816--2830}
}


@article{Taoetal1999,
	title = {Functional genomics: expression analysis of \emph{Escherichia coli} growing on minimal and rich media},
	author = {Tao, H. and Bausch, C. and Richmond, C. and Blattner, F. R. and Conway, T.},
	journal = {J Bacteriol},
	year = 1999,
	volume = 181,
	pages = {6425--6440}
}


@article{Huaetal2004,
	author = {Hua, Q. and Yang, C. and Oshima, T. and Mori, H. and Shimizu, K.},
	title = {Analysis of gene expression in \emph{Escherichia coli} in response to changes of growth-limiting nutrient in chemostat cultures},
	journal = {Appl Environ Microbiol},
	year = 2004,
	volume = 70,
	pages = {2354--2366}
}


@article{Wuetal2004,
	author = {Wu, J. and Zhang, N. and Hayes, A. and Panoutsopoulou, K. and Oliver, S. G.},
	title = {Global analysis of nutrient control of gene expression in \emph{Saccharomyces cerevisiae} during growth and starvation},
	journal = {Proc Natl Acad Sci USA},
	year = 2004,
	volume = 101,
	pages = {3148--3153}
}

@article{Covertetal2001,
   author = {Covert, M. W. and Schilling, C. H. and Famili, I. and Edwards, J. S. and Goryanin, II and Selkov, E. and Palsson, B. \O.},
   title = {Metabolic modeling of microbial strains in silico},
   journal = {Trends Biochem Sci},
   volume = {26},
   pages = {179--186},
   year = {2001}
}


@article{CovertPalsson2002,
   author = {Covert, M. W. and Palsson, B. \O.},
   title = {Transcriptional regulation in constraints-based metabolic models of \emph{Escherichia coli}},
   journal = {J Biol Chem},
   volume = {277},
   pages = {28058--28064},
   year = {2002}
}

@article{Covertetal2008,
   author = {Covert, M. W. and Xiao, N. and Chen, T. J. and Karr, J. R.},
   title = {Integrating metabolic, transcriptional regulatory and signal transduction models in \emph{Escherichia coli}},
   journal = {Bioinformatics},
   volume = {24},
   pages = {2044-50},
   year = {2008}
}

@article{KuporFraenkel1972,
   author = {Kupor, S. R. and Fraenkel, D. G.},
   title = {Glucose metabolism in 6 phosphogluconolactonase mutants of Escherichia coli},
   journal = {J Biol Chem},
   volume = {247},
   pages = {1904--1910},
   year = {1972}
}


@article{Canonacoetal2001,
   author = {Canonaco, F. and Hess, T. A. and Heri, S. and Wang, T. and Szyperski, T. and Sauer, U.},
   title = {Metabolic flux response to phosphoglucose isomerase knock-out in \emph{Escherichia coli} and impact of overexpression of the soluble transhydrogenase {UdhA}},
   journal = {FEMS Microbiol Lett},
   volume = {204},
   pages = {247--252},
   year = {2001}
}

@article{Costenobleetal2011,
   author = {Costenoble, R. and Picotti, P. and Reiter, L. and Stallmach, R. and Heinemann, M. and Sauer, U. and Aebersold, R.},
   title = {Comprehensive quantitative analysis of central carbon and amino-acid metabolism in \emph{Saccharomyces cerevisiae} under multiple conditions by targeted proteomics},
   journal = {Mol Syst Biol},
   volume = {7},
   pages = {464},
   year = {2011}
}

@article{Oliveiraetal2012,
   author = {Oliveira, A. P. and Ludwig, C. and Picotti, P. and Kogadeeva, M. and Aebersold, R. and Sauer, U.},
   title = {Regulation of yeast central metabolism by enzyme phosphorylation},
   journal = {Mol Syst Biol},
   volume = {8},
   pages = {623},
   year = {2012}
}

@article{Wuetal2009,
   author = {Wu, T. T. and Chen, Y. F. and Hastie, T. and Sobel, E. and Lange, K.},
   title = {Genome-wide association analysis by lasso penalized logistic regression},
   journal = {Bioinformatics},
   volume = {25},
   pages = {714--721},
   year = {2009}
}



@article{Hydukeetal2013,
   author = {Hyduke, D. R. and Lewis, N. E. and Palsson, B. \O.},
   title = {Analysis of omics data with genome-scale models of metabolism},
   journal = {Mol Biosyst},
   volume = {9},
   pages = {167--174},
   year = {2013}
}


@article{Barricketal2009,
   author = {Barrick, J. E. and Yu, D. S. and Yoon, S. H. and Jeong, H. and Oh, T. K. and Schneider, D. and Lenski, R. E. and Kim, J. F.},
   title = {Genome evolution and adaptation in a long-term experiment with Escherichia coli},
   journal = {Nature},
   volume = {461},
   pages = {1243--1247},
   year = {2009}
}

@article{Byrneetal2012,
   author = {Byrne, D. and Dumitriu, A. and Segr\`e, D.},
   title = {Comparative multi-goal tradeoffs in systems engineering of microbial metabolism},
   journal = {BMC Syst Biol},
   volume = {6},
   pages = {127},
   year = {2012}
}

@article{Caspietal2012,
   author = {Caspi, R. and Altman, T. and Dreher, K. and Fulcher, C. A. and Subhraveti, P. and Keseler, I. M. and Kothari, A. and Krummenacker, M. and Latendresse, M. and Mueller, L. A. and Ong, Q. and Paley, S. and Pujar, A. and Shearer, A. G. and Travers, M. and Weerasinghe, D. and Zhang, P. and Karp, P. D.},
   title = {The MetaCyc database of metabolic pathways and enzymes and the BioCyc collection of pathway/genome databases},
   journal = {Nucleic Acids Res},
   volume = {40},
   pages = {D742--D753},
   year = {2012}
}

@article{Huckaetal2003,
   author = {Hucka, M. and Finney, A. and Sauro, H. M. and Bolouri, H. and Doyle, J. C. and Kitano, H. and Arkin, A. P. and Bornstein, B. J. and Bray, D. and Cornish-Bowden, A. and Cuellar, A. A. and Dronov, S. and Gilles, E. D. and Ginkel, M. and Gor, V. and Goryanin, II and Hedley, W. J. and Hodgman, T. C. and Hofmeyr, J. H. and Hunter, P. J. and Juty, N. S. and Kasberger, J. L. and Kremling, A. and Kummer, U. and Le Novere, N. and Loew, L. M. and Lucio, D. and Mendes, P. and Minch, E. and Mjolsness, E. D. and Nakayama, Y. and Nelson, M. R. and Nielsen, P. F. and Sakurada, T. and Schaff, J. C. and Shapiro, B. E. and Shimizu, T. S. and Spence, H. D. and Stelling, J. and Takahashi, K. and Tomita, M. and Wagner, J. and Wang, J.},
   title = {The systems biology markup language {(SBML):} a medium for representation and exchange of biochemical network models},
   journal = {Bioinformatics},
   volume = {19},
   pages = {524--531},
   year = {2003}
}

@article{Oberhardtetal2009,
   author = {Oberhardt, M. A. and Palsson, B. \O. and Papin, J. A.},
   title = {Applications of genome-scale metabolic reconstructions},
   journal = {Mol Syst Biol},
   volume = {5},
   pages = {320},
   year = {2009}
}

@article{Orthetal2010,
   author = {Orth, J. D. and Thiele, I. and Palsson, B. \O.},
   title = {What is flux balance analysis?},
   journal = {Nat Biotechnol},
   volume = {28},
   pages = {245--248},
   year = {2010}
}

@article{Schellenbergeretal2011,
   author = {Schellenberger, J. and Que, R. and Fleming, R. M. and Thiele, I. and Orth, J. D. and Feist, A. M. and Zielinski, D. C. and Bordbar, A. and Lewis, N. E. and Rahmanian, S. and Kang, J. and Hyduke, D. R. and Palsson, B. \O.},
   title = {Quantitative prediction of cellular metabolism with constraint-based models: the {COBRA Toolbox} v2.0},
   journal = {Nat Protoc},
   volume = {6},
   pages = {1290--1307},
   year = {2011}
}



@article{Almaasetal2004,
   author = {Almaas, E. and Kovacs, B. and Vicsek, T. and Oltvai, Z. N. and Barabasi, A. L.},
   title = {Global organization of metabolic fluxes in the bacterium \emph{Escherichia coli}},
   journal = {Nature},
   volume = {427},
   pages = {839--843},
   year = {2004}
}

@article{Brandesetal2012,
   author = {Brandes, A. and Lun, D. S. and Ip, K. and Zucker, J. and Colijn, C. and Weiner, B. and Galagan, J. E.},
   title = {Inferring carbon sources from gene expression profiles using metabolic flux models},
   journal = {PLoS One},
   volume = {7},
   pages = {e36947},
   year = {2012}
}

@article{Burgardetal2001,
   author = {Burgard, A. P. and Vaidyaraman, S. and Maranas, C. D.},
   title = {Minimal reaction sets for \emph{Escherichia coli} metabolism under different growth requirements and uptake environments},
   journal = {Biotechnol Prog},
   volume = {17},
   pages = {791--797},
   year = {2001}
}

@article{Casanovaetal2012,
   author = {Casanova, R. and Hsu, F. C. and Espeland, M. A. and {for the Alzheimer's Disease Neuroimaging Initiative}},
   title = {Classification of Structural {MRI} Images in {Alzheimer's} Disease from the Perspective of Ill-Posed Problems},
   journal = {Plos One},
   volume = {7},
   pages = {e44877},
   year = {2012}
}

@article{Casanovaetal2011,
   author = {Casanova, R. and Whitlow, C. T. and Wagner, B. and Williamson, J. and Shumaker, S. A. and Maldjian, J. A. and Espeland, M. A.},
   title = {High dimensional classification of structural {MRI Alzheimer's} disease data based on large scale regularization},
   journal = {Front Neuroinform},
   volume = {5},
   pages = {22},
   year = {2011}
}

@article{Edwardsetal2001,
   author = {Edwards, J. S. and Ibarra, R. U. and Palsson, B. \O.},
   title = {In silico predictions of \emph{Escherichia coli} metabolic capabilities are consistent with experimental data},
   journal = {Nat Biotechnol},
   volume = {19},
   pages = {125--130},
   year = {2001}
}

@article{EdwardsPalsson2000,
   author = {Edwards, J. S. and Palsson, B. \O.},
   title = {The \emph{Escherichia coli} {MG1655} in silico metabolic genotype: its definition, characteristics, and capabilities},
   journal = {Proc Natl Acad Sci USA},
   volume = {97},
   pages = {5528--5533},
   year = {2000}
}

@article{Feistetal2007,
   author = {Feist, A. M. and Henry, C. S. and Reed, J. L. and Krummenacker, M. and Joyce, A. R. and Karp, P. D. and Broadbelt, L. J. and Hatzimanikatis, V. and Palsson, B. \O.},
   title = {A genome-scale metabolic reconstruction for \emph{Escherichia coli} {K-12 MG1655} that accounts for 1260 {ORFs} and thermodynamic information},
   journal = {Mol Syst Biol},
   volume = {3},
   pages = {121},
   year = {2007}
}

@article{Friedmanetal2008,
   author = {Friedman, J. and Hastie, T. and Tibshirani, R.},
   title = {Sparse inverse covariance estimation with the graphical lasso},
   journal = {Biostatistics},
   volume = {9},
   pages = {432--441},
   year = {2008}
}

@article{Friedmanetal2010,
   author = {Friedman, J. and Hastie, T. and Tibshirani, R.},
   title = {Regularization Paths for Generalized Linear Models via Coordinate Descent},
   journal = {Journal of Statistical Software},
   volume = {33},
   pages = {1--22},
   year = {2010}
}

@article{Ibarraetal2002,
   author = {Ibarra, R. U. and Edwards, J. S. and Palsson, B. \O.},
   title = {\emph{Escherichia coli} {K-12} undergoes adaptive evolution to achieve in silico predicted optimal growth},
   journal = {Nature},
   volume = {420},
   number = {6912},
   pages = {186--189},
   year = {2002}
}

@article{Karpetal1996,
   author = {Karp, P. D. and Riley, M. and Paley, S. M. and Pelligrini-Toole, A.},
   title = {{EcoCyc:} an encyclopedia of \emph{Escherichia coli} genes and metabolism},
   journal = {Nucleic Acids Res},
   volume = {24},
   pages = {32--39},
   year = {1996}
}

@article{Keseleretal2011,
   author = {Keseler, I. M. and Collado-Vides, J. and Santos-Zavaleta, A. and Peralta-Gil, M. and Gama-Castro, S. and Muniz-Rascado, L. and Bonavides-Martinez, C. and Paley, S. and Krummenacker, M. and Altman, T. and Kaipa, P. and Spaulding, A. and Pacheco, J. and Latendresse, M. and Fulcher, C. and Sarker, M. and Shearer, A. G. and Mackie, A. and Paulsen, I. and Gunsalus, R. P. and Karp, P. D.},
   title = {{EcoCyc:} a comprehensive database of \emph{Escherichia coli} biology},
   journal = {Nucleic Acids Res},
   volume = {39},
   pages = {D583--D590},
   year = {2011}
}

@article{Keseleretal2013,
   author = {Keseler, I. M. and Mackie, A. and Peralta-Gil, M. and Santos-Zavaleta, A. and Gama-Castro, S. and Bonavides-Martinez, C. and Fulcher, C. and Huerta, A. M. and Kothari, A. and Krummenacker, M. and Latendresse, M. and Muniz-Rascado, L. and Ong, Q. and Paley, S. and Schroder, I. and Shearer, A. G. and Subhraveti, P. and Travers, M. and Weerasinghe, D. and Weiss, V. and Collado-Vides, J. and Gunsalus, R. P. and Paulsen, I. and Karp, P. D.},
   title = {{EcoCyc:} fusing model organism databases with systems biology},
   journal = {Nucleic Acids Res},
   volume = {41},
   pages = {D605--D612},
   year = {2013}
}



@article{OuzounisKarp2000,
   author = {Ouzounis, C. A. and Karp, P. D.},
   title = {Global properties of the metabolic map of \emph{Escherichia coli}},
   journal = {Genome Res},
   volume = {10},
   pages = {568--576},
   year = {2000}
}

@article{Priceetal2004,
   author = {Price, N. D. and Reed, J. L. and Palsson, B. \O.},
   title = {Genome-scale models of microbial cells: evaluating the consequences of constraints},
   journal = {Nat Rev Microbiol},
   volume = {2},
   pages = {886--897},
   year = {2004}
}

@article{Ravikumaretal2010,
   author = {Ravikumar, P. and Wainwright, M. J. and Lafferty, J. D.},
   title = {High-Dimensional Ising Model Selection Using L(1)-Regularized Logistic Regression},
   journal = {Annals of Statistics},
   volume = {38},
   pages = {1287--1319},
   year = {2010}
}

@article{Ravikumaretal2011,
   author = {Ravikumar, P. and Wainwright, M. J. and Raskutti, G. and Yu, B.},
   title = {High-dimensional covariance estimation by minimizing l(1)-penalized log-determinant divergence},
   journal = {Electronic Journal of Statistics},
   pages = {935--980},
   year = {2011}
}

@article{ReedPalsson2003,
   author = {Reed, J. L. and Palsson, B. \O.},
   title = {Thirteen years of building constraint-based in silico models of \emph{Escherichia coli}},
   journal = {J Bacteriol},
   volume = {185},
   pages = {2692--2699},
   year = {2003}
}

@article{Reedetal2003,
   author = {Reed, J. L. and Vo, T. D. and Schilling, C. H. and Palsson, B. \O.},
   title = {An expanded genome-scale model of \emph{Escherichia coli} {K-12 (iJR904 GSM/GPR)}},
   journal = {Genome Biol},
   volume = {4},
   pages = {R54},
   year = {2003}
}

@article{Schellenbergeretal2010,
   author = {Schellenberger, J. and Park, J. O. and Conrad, T. M. and Palsson, B. \O.},
   title = {{BiGG:} a Biochemical Genetic and Genomic knowledgebase of large scale metabolic reconstructions},
   journal = {BMC Bioinformatics},
   volume = {11},
   pages = {213}, 
   year = {2010}
}

@article{Segreetal2002,
   author = {Segr\`e, D. and Vitkup, D. and Church, G. M.},
   title = {Analysis of optimality in natural and perturbed metabolic networks},
   journal = {Proc Natl Acad Sci USA},
   volume = {99},
   pages = {15112--15117},
   year = {2002}
}

@article{Tibshirani1996,
   author = {Tibshirani, R.},
   title = {Regression shrinkage and selection via the Lasso},
   journal = {J Royal Stat Soc B},
   volume = {58},
   pages = {267--288},
   year = {1996}
}

@article{Tibshiranietal2012,
   author = {Tibshirani, R. and Bien, J. and Friedman, J. and Hastie, T. and Simon, N. and Taylor, J. and Tibshirani, R. J.},
   title = {Strong rules for discarding predictors in lasso-type problems},
   journal = {J Royal Stat Soc B},
   volume = {74},
   pages = {245--266},
   year = {2012}
}

@article{Wangetal2012,
   author = {Wang, H. and Nie, F. P. and Huang, H. and Yan, J. W. and Kim, S. and Nho, K. and Risacher, S. L. and Saykin, A. J. and Shen, L. and Initi, Alzheimer's Dis Neuroimaging},
   title = {From phenotype to genotype: an association study of longitudinal phenotypic markers to {Alzheimer's} disease relevant {SNPs}},
   journal = {Bioinformatics},
   volume = {28},
   pages = {I619-I625},
   year = {2012}
}

@article{MahadevanSchilling2003,
   author = {Mahadevan, R. and Schilling, C. H.},
   title = {The effects of alternate optimal solutions in constraint-based genome-scale metabolic models},
   journal = {Metab Eng},
   volume = {5},
   pages = {264--276},
   year = {2003}
}

@article{Orthetal2012,
   author = {Orth, J. D. and Palsson, B. \O.},
   title = {Gap-filling analysis of the {iJO1366} \emph{Escherichia coli} metabolic network reconstruction for discovery of metabolic functions},
   journal = {BMC Syst Biol},
   volume = {6},
   pages = {30},
   year = {2012}
}

@article{Menendezetal2010,
   author = {Menendez, P. and Kourmpetis, Y. A. and ter Braak, C. J. and van Eeuwijk, F. A.},
   title = {Gene regulatory networks from multifactorial perturbations using {Graphical Lasso:} application to the {DREAM4} challenge},
   journal = {PLoS One},
   volume = {5},
   pages = {e14147},
   year = {2010}
}

@article{Ekeretal2013,
   author = {Eker, S. and Krummenacker, M. and Shearer, A. G. and Tiwari, A. and Keseler, I. M. and Talcott, C. and Karp, P. D.},
   title = {Computing minimal nutrient sets from metabolic networks via linear constraint solving},
   journal = {BMC Bioinformatics},
   volume = {14},
   pages = {114},
   year = {2013}
}

